%% This BibTeX bibliography file was created using BibDesk.
%% http://bibdesk.sourceforge.net/


%% Created for Jeffrey Varner at 2014-10-13 22:53:10 -0400 


%% Saved with string encoding Unicode (UTF-8) 



@article{Matplotlib,
	Author = {Hunter, John D},
	Date-Added = {2014-10-14 02:50:42 +0000},
	Date-Modified = {2014-10-14 02:50:42 +0000},
	Journal = {Computing in Science and Engineering},
	Pages = {90 - 95},
	Title = {Matplotlib: A 2D Graphics Environment},
	Volume = {9},
	Year = {2007}}

@misc{SCIPY,
	Author = {Eric Jones and Travis Oliphant and Pearu Peterson},
	Date-Added = {2014-10-14 02:50:39 +0000},
	Date-Modified = {2014-10-14 02:50:39 +0000},
	Howpublished = {http://www.scipy.org/},
	Title = {{SciPy}: Open source scientific tools for {Python}},
	Year = {2001--}}
